<?xml version='1.0' encoding='UTF-8'?>
<record xmlns="http://www.loc.gov/MARC21/slim">
  <leader>02455cam a2200505 a 4500</leader>
  <controlfield tag="001">538686</controlfield>
  <controlfield tag="003">NjP</controlfield>
  <controlfield tag="005">20171017102351.0</controlfield>
  <controlfield tag="008">890131m19889999ir       b    001 0 ara d</controlfield>
  <datafield tag="024" ind1="7" ind2=" ">
    <subfield code="a">princeton_aco003242</subfield>
    <subfield code="2">local</subfield>
  </datafield>
  <datafield ind1=" " ind2=" " tag="035">
    <subfield code="a">(OCoLC)ocn176033589</subfield>
  </datafield>
  <datafield ind1=" " ind2=" " tag="040">
    <subfield code="a">NjP</subfield>
    <subfield code="c">PUL</subfield>
    <subfield code="d">PUL</subfield>
  </datafield>
  <datafield ind1=" " ind2=" " tag="035">
    <subfield code="a">(OCoLC)176033589</subfield>
  </datafield>
  <datafield ind1=" " ind2=" " tag="035">
    <subfield code="a">(CStRLIN)NJPG89-B4955</subfield>
  </datafield>
  <datafield ind1=" " ind2=" " tag="035">
    <subfield code="9">ACM4557TS</subfield>
  </datafield>
  <datafield ind1=" " ind2=" " tag="035">
    <subfield code="a">(NjP)538686</subfield>
  </datafield>
  <datafield ind1=" " ind2=" " tag="079">
    <subfield code="a">ocm26824493</subfield>
  </datafield>
  <datafield ind1=" " ind2=" " tag="049">
    <subfield code="a">PULL</subfield>
  </datafield>
  <datafield ind1="1" ind2=" " tag="100">
    <subfield code="6">880-01</subfield>
    <subfield code="a">Subḥānī, Jaʻfar.</subfield>
  </datafield>
  <datafield ind1="1" ind2="0" tag="245">
    <subfield code="6">880-02</subfield>
    <subfield code="a">Abḥāth fī al-milal wa-al-niḥal /</subfield>
    <subfield code="c">Jaʻfar al-Subḥānī.</subfield>
  </datafield>
  <datafield ind1=" " ind2=" " tag="250">
    <subfield code="6">880-03</subfield>
    <subfield code="a">al-Ṭabʻah 2., maʻa iḍāfāt hāmmah</subfield>
  </datafield>
  <datafield ind1=" " ind2=" " tag="260">
    <subfield code="6">880-04</subfield>
    <subfield code="a">Qum :</subfield>
    <subfield code="b">Markaz-i Mudīrīyat-i Ḥawzah-i ʻIlmīyah-i Qum,</subfield>
    <subfield code="c">1408-1412 [1988-1992- ]</subfield>
  </datafield>
  <datafield ind1=" " ind2=" " tag="300">
    <subfield code="a">v. ;</subfield>
    <subfield code="c">22 cm.</subfield>
  </datafield>
  <datafield ind1="1" ind2=" " tag="490">
    <subfield code="6">880-05</subfield>
    <subfield code="a">Markaz-i Mudīrīyat-i Ḥawzah-i ʻIlmīyah-i Qum ;</subfield>
    <subfield code="v">17-18, 25, 26</subfield>
  </datafield>
  <datafield ind1=" " ind2=" " tag="500">
    <subfield code="a">Title page partially vocalized.</subfield>
  </datafield>
  <datafield ind1=" " ind2=" " tag="500">
    <subfield code="6">880-06</subfield>
    <subfield code="a">Vol. 2-5, 8 have edition statement: al-Ṭabʻah 1.</subfield>
  </datafield>
  <datafield ind1=" " ind2=" " tag="500">
    <subfield code="6">880-07</subfield>
    <subfield code="a">Vol. 3-5, 8 have title: Buḥūth fī al-milal wa-al-niḥal.</subfield>
  </datafield>
  <datafield ind1=" " ind2=" " tag="504">
    <subfield code="a">Includes bibliographical references (v. 5, p. 533-542) and index.</subfield>
  </datafield>
  <datafield ind1=" " ind2=" " tag="500">
    <subfield code="6">880-08</subfield>
    <subfield code="a">Vol. 7-8 published: Qum : Muʼassasat al-Imām al-Ṣādiq.</subfield>
  </datafield>
  <datafield ind1=" " ind2="0" tag="650">
    <subfield code="a">Islamic sects.</subfield>
    <subfield code="0">http://id.loc.gov/authorities/subjects/sh85068480</subfield>
  </datafield>
  <datafield ind1="0" ind2=" " tag="740">
    <subfield code="6">880-09</subfield>
    <subfield code="a">Buḥūth fī al-milal wa-al-niḥal.</subfield>
  </datafield>
  <datafield ind1=" " ind2="0" tag="830">
    <subfield code="a">Markaz-i Mudīrīyat-i Ḥawzah-i ʻIlmīyah-i Qum (Series) ;</subfield>
    <subfield code="v">17-18.</subfield>
  </datafield>
  <datafield ind1=" " ind2="0" tag="830">
    <subfield code="a">Markaz-i Mudīrīyat-i Ḥawzah-i ʻIlmīyah-i Qum (Series) ;</subfield>
    <subfield code="v">25, 26.</subfield>
  </datafield>
  <datafield ind1="1" ind2=" " tag="880">
    <subfield code="6">100-01/r</subfield>
    <subfield code="a">سبحاني، جعفر.</subfield>
  </datafield>
  <datafield ind1="1" ind2="0" tag="880">
    <subfield code="6">245-02/r</subfield>
    <subfield code="a">ابحاث في الملل والنحل /</subfield>
    <subfield code="c">جعفر السبحاني.</subfield>
  </datafield>
  <datafield ind1=" " ind2=" " tag="880">
    <subfield code="6">250-03/r</subfield>
    <subfield code="a">الطبعة 2.، مع اضافات هامة</subfield>
  </datafield>
  <datafield ind1=" " ind2=" " tag="880">
    <subfield code="6">260-04/r</subfield>
    <subfield code="a">قم :</subfield>
    <subfield code="b">مركزا مديريتا حوزها علميةا قم،</subfield>
    <subfield code="c">1408-1412 [1988-1992- ]</subfield>
  </datafield>
  <datafield ind1="1" ind2=" " tag="880">
    <subfield code="6">490-05/r</subfield>
    <subfield code="a">مركزا مديريتا حوزها علميةا قم ؛</subfield>
    <subfield code="v">17-18، 25، 26</subfield>
  </datafield>
  <datafield ind1=" " ind2=" " tag="880">
    <subfield code="6">500-06/r</subfield>
    <subfield code="a">Vol. 2-5, 8 have edition statement: الطبعة 1.</subfield>
  </datafield>
  <datafield ind1=" " ind2=" " tag="880">
    <subfield code="6">500-07/r</subfield>
    <subfield code="a">Vol. 3-5, 8 have title: بحوث في الملل والنحل.</subfield>
  </datafield>
  <datafield ind1=" " ind2=" " tag="880">
    <subfield code="6">500-08/r</subfield>
    <subfield code="a">Vol. 7-8 published : مؤسسة الامام الصادق.</subfield>
  </datafield>
  <datafield ind1="0" ind2=" " tag="880">
    <subfield code="6">740-09/r</subfield>
    <subfield code="a">بحوث في الملل والنحل.</subfield>
  </datafield>
  <datafield ind1=" " ind2=" " tag="998">
    <subfield code="a">05/20/94</subfield>
    <subfield code="s">9118</subfield>
    <subfield code="n">NjP</subfield>
    <subfield code="w">NJPG89B4955</subfield>
    <subfield code="d">01/31/89</subfield>
    <subfield code="c">JEB</subfield>
    <subfield code="b">KC</subfield>
    <subfield code="i">940520</subfield>
    <subfield code="l">NJPG</subfield>
  </datafield>
  <datafield ind1=" " ind2=" " tag="911">
    <subfield code="a">19940526</subfield>
  </datafield>
  <datafield ind1=" " ind2=" " tag="912">
    <subfield code="a">19990514050915.0</subfield>
  </datafield>
  <datafield ind1=" " ind2=" " tag="994">
    <subfield code="a">C0</subfield>
    <subfield code="b">PUL</subfield>
  </datafield>
  <datafield ind1=" " ind2=" " tag="999">
    <subfield code="a">538686</subfield>
  </datafield>
  <datafield ind1="0" ind2="1" tag="852">
    <subfield code="0">586872</subfield>
    <subfield code="b">rcppa</subfield>
    <subfield code="t">1</subfield>
    <subfield code="h">BP191</subfield>
    <subfield code="i">.S92 1988</subfield>
    <subfield code="x">tr fr arab</subfield>
  </datafield>
  <datafield ind1=" " ind2="0" tag="866">
    <subfield code="0">586872</subfield>
    <subfield code="8">0</subfield>
    <subfield code="a">al-juzʾ 1-8 (published in 1418 [1997 or 1998])</subfield>
  </datafield>
  <datafield ind1=" " ind2="0" tag="866">
    <subfield code="0">586872</subfield>
    <subfield code="8">0</subfield>
    <subfield code="x">DESIGNATOR:al-Juz</subfield>
  </datafield>
  <datafield ind1=" " ind2=" " tag="959">
    <subfield code="a">2000-06-13 00:00:00 -0400</subfield>
  </datafield>
</record>
